@abbrvBSTCTL{IEEEexample:BSTcontrol,
	CTLuse_forced_etal       = "yes",
	CTLmax_names_forced_etal = "1",
	CTLnames_show_etal       = "1"
}

@inproceedings {Gomez1,
 AUTHOR        = "Gomez, A. and Pinto, Christian and Bartolini, Andrea and Rossi, Davide and Fatemi, Hamed and de Gyvez, Jose Pineda and Benini, Luca",
 TITLE         = "Reducing Energy Consumption in Microcontroller-based Platforms with Low Design Margin Co-Processors",
 booktitle 		 = "Proc. DATE Conf.",
 YEAR          = "2015",
}

article{ARM3,
 author        = "Hyun-Duk Cho and Kisuk Chung and Taehoon Kim",
 title         = "Benefits of the big.LITTLE Architecture",
 journal			 = "Samsung Whitepaper",
 YEAR          = "2013",
} 

@article{ARM,
 author        = "P. Greenhalgh",
 title         = "big.LITTLE Processing with ARM Cortex-A15 \& Cortex-A7",
 journal			 = "ARM Ltd.",
 YEAR          = "2011",
}

article{ARM2,
 author        = "ARM",
 title         = "big.LITTLE Technology: The Future of Mobile",
 journal			 = "ARM Whitepaper",
 YEAR          = "2013",
}

@misc{LPCXpresso54102,
 TITLE         = "LPCXpresso54102 platform website",
 note	         = "https://www.lpcware.com/content/device/lpc54100",
}

misc{NXP,
 TITLE         = "LPC4350/30/20/10 Product Data Sheet",
 journal       = "NXP",
 year					 = "2013",
 note					 = "rev 4.1",
}

@article{Kahng,
 author        = "A. B. Kahng and R. Kumar and J. Sartori",
 title         = "Recovery-Driven Design: Exploiting Error Resilience in Design of Energy-Efficient Processors",
 journal   		 = "IEEE Trans. Comput.-Aided Des. Integr. Circuits Systs.",
 volume        = "31",
 number         = "3",
 YEAR          = "2012",
}

@article{Paterna,
 author        = "F. Paterna and A. Acquaviva and A. Caprara and F. Papariello and G. Desoli and L. Benini",
 title         = "Variability-aware task allocation for energy-efficient quality of service provisioning in embedded streaming multimedia applications",
 journal   		 = "IEEE Trans. on Computers",
 volume        = "61",
 number         = "7",
 YEAR          = "2012",
}

@INPROCEEDINGS{Paterna2, 
	author={Paterna, F. and Benini, L. and Acquaviva, A. and Papariello, F. and Desoli, G.}, 
	booktitle={Proc. ESTIMedia}, 
	title={Variability-tolerant workload allocation for MPSoC energy minimization under real-time constraints}, 
	year={2009}, 

	doi={10.1109/ESTMED.2009.5336824}, 
}

@inproceedings{Chen,
 author        = "J. Chen and L. John",
 title         = "Efficient program scheduling for heterogeneous multi-core processors",
 booktitle 		 = "Proc. DAC Conf.",
 month				 = "July",
 YEAR          = "2009",
}

@inproceedings{Becchi,
 author        = "M. Becchi and P. Crowley",
 title         = "Dynamic thread assignment on heterogeneous multiprocessor architectures",
 booktitle 		 = "Proc. Conf. on Computing Frontiers.",
 YEAR          = "2006",
}

@inproceedings{Gupta,
 author        = "A. Gupta and S. Im, R. Krishnaswamy and B. Moseley and K. Pruhs",
 title         = "Scheduling Heterogeneous Processors Isn’T As Easy As You Think",
 booktitle 		 = "Proc. Symp. on Discrete Algorithms",
 YEAR          = "2012",
}

@inproceedings{Muthukaruppan,
 author        = "T. S. Muthukaruppan and M. Pricopi and V. Venkataramani and T. Mitra and S. Vishin",
 title         = "Hierarchical power management for asymmetric multi-core in dark silicon era",
 booktitle 		 = "Proc. DAC Conf.",
 YEAR          = "2013",
}

@inproceedings{Nishtala,
 author        = "R. Nishtala and D. Mossé and V. Petrucci",
 title         = "Energy-aware thread colocation in heterogeneous multicore processors",
 booktitle 		 = "Proc. EMSOFT Conf.",
 pages				 = "1–9",
 YEAR          = "2013",
}

@inproceedings{INS,
 author        = "J.O. Nilsson and I. Skog, P. Handel and K. Hari",
 title         = "Foot-mounted INS for everybody - an open-source embedded implementation",
 booktitle 		 = "Proc. PLANS.",
 YEAR          = "2012",
}

@misc{Pix4Flow,
 TITLE         = "Pix4flow website",
 note	         = "[accessed 15-No-2015], https://pixhawk.org/modules/px4flow",
}

@misc{NXP_site,
 TITLE         = "NXP Semiconductors web site",
 note	         = "http://www.nxp.com/, [accessed 15-September-2015]",
}

@inproceedings{PixHawk,
 author        = "L. Meier and P. Tanskanen and F. Fraundorfer and M. Pollefeys",
 title         = "system for autonomous flight using onboard computer vision",
 booktitle 		 = "Proc. ICRA Conf.",
 YEAR          = "2011",
}

@article{uunifast,
 author        = "Bini, E. and Giorgio C. Buttazzo",
 title         = "Measuring the Performance of Schedulability Tests",
 journal   		 = "Real-Time Syst.",
 volume  			 = "30",
 number				 = "1-2",
 YEAR          = "2005",
}

@article{mlpt,
 author        = "Koulamas, C. and George J. Kyparisis",
 title         = "A modified LPT algorithm for the two uniform parallel machine makespan minimization problem",
 journal   		 = "European Journal of Operational Research",
 volume  			 = "196",
 number				 = "1",
 pages				 = "61-68",
 YEAR          = "2009",
}


@INPROCEEDINGS{Fuks, 
	author={Fuks, A.}, 
	booktitle={Symposium on VLSI Circuits}, 
	title={Sensor-hub sweet-spot analysis for ultra-low-power always-on operation}, 
	year={2015}, 
	doi={10.1109/VLSIC.2015.7231247}, 
	month={June},}


@INPROCEEDINGS{Kim2014, 
	author={Kim, M. and Kibeom Kim and Geraci, J.R. and Seongsoo Hong}, 
	booktitle={Proc. DATE Conf.}, 
	title={Utilization-aware load balancing for the energy efficient operation of the big.LITTLE processor}, 
	year={2014}, }


@INPROCEEDINGS{Sarma2015, 
	author={Sarma, S. and Muck, T. and Bathen, L.A.D. and Dutt, N. and Nicolau, A.}, 
	booktitle={Proc. DAC Conf.}, 
	title={SmartBalance: A sensing-driven linux load balancer for energy efficiency of heterogeneous MPSoCs}, 
	year={2015}, }



@article{Salehi2015,
	author = {Salehi, M. and Ejlali, Alireza},
	doi = {10.1109/TIE.2014.2352215},
	journal = {IEEE Trans. on Ind. Electr.},
	number = {2},
	pages = {1262--1269},
	title = {{A Hardware Platform for Evaluating Low-Energy Multiprocessor Embedded Systems Based on COTS Devices}},
	url = {http://ieeexplore.ieee.org/lpdocs/epic03/wrapper.htm?arnumber=6883169},
	volume = {62},
	year = {2015}
}


@inproceedings{Raghavan2012,
	author = {Raghavan, A. and Luo, Yixin and Chandawalla, Anuj and Papaefthymiou, Marios and Pipe, Kevin P. and Wenisch, Thomas F. and Martin, Milo M.  K.},
	title = {Computational Sprinting},
	booktitle = {Proc. HPCA Conf.},
	year = {2012},
	pages = {1--12},
	numpages = {12},
	url = {http://dx.doi.org/10.1109/HPCA.2012.6169031},
	doi = {10.1109/HPCA.2012.6169031},
	acmid = {2192689},
} 


@INPROCEEDINGS{Chen2007, 
	author={Chen, J.J. and Chuan-Yue Yang and Tei-Wei Kuo and Chi-Sheng Shih}, 
	booktitle={Proc. ASP-DAC Conf.}, 
	title={Energy-Efficient Real-Time Task Scheduling in Multiprocessor DVS Systems}, 
	year={2007}, 
	pages={342-349}, 
	doi={10.1109/ASPDAC.2007.358009}, 
}

@INPROCEEDINGS{YDS, 
	author={Yao, F. and Demers, A. and Shenker, S.}, 
	booktitle={Proc. Foundations of Computer Science}, 
	title={A scheduling model for reduced CPU energy}, 
	year={1995}, 
	pages={374-382}, 
		ISSN={0272-5428}, 
}

@INPROCEEDINGS{Aydin2001, 
	author={Aydin, H. and Melhem, R. and Mosse, D. and Mejia-Alvarez, P.}, 
	booktitle={Proc. RTSS}, 
	title={Dynamic and aggressive scheduling techniques for power-aware real-time systems}, 
	year={2001}, 
	doi={10.1109/REAL.2001.990600}, 
}
